%YAML 1.1
%TAG !u! tag:unity3d.com,2011:
--- !u!1 &100000
GameObject:
  m_ObjectHideFlags: 0
  m_PrefabParentObject: {fileID: 0}
  m_PrefabInternal: {fileID: 100100000}
  serializedVersion: 4
  m_Component:
  - 4: {fileID: 400130}
  - 111: {fileID: 11100000}
  - 114: {fileID: 11400000}
  m_Layer: 0
  m_Name: Mentor
  m_TagString: Untagged
  m_Icon: {fileID: 0}
  m_NavMeshLayer: 0
  m_StaticEditorFlags: 0
  m_IsActive: 1
--- !u!1 &100002
GameObject:
  m_ObjectHideFlags: 0
  m_PrefabParentObject: {fileID: 0}
  m_PrefabInternal: {fileID: 100100000}
  serializedVersion: 4
  m_Component:
  - 4: {fileID: 400000}
  m_Layer: 0
  m_Name: BipMentor
  m_TagString: Untagged
  m_Icon: {fileID: 0}
  m_NavMeshLayer: 0
  m_StaticEditorFlags: 0
  m_IsActive: 1
--- !u!1 &100004
GameObject:
  m_ObjectHideFlags: 0
  m_PrefabParentObject: {fileID: 0}
  m_PrefabInternal: {fileID: 100100000}
  serializedVersion: 4
  m_Component:
  - 4: {fileID: 400002}
  m_Layer: 0
  m_Name: BipMentor Footsteps
  m_TagString: Untagged
  m_Icon: {fileID: 0}
  m_NavMeshLayer: 0
  m_StaticEditorFlags: 0
  m_IsActive: 1
--- !u!1 &100006
GameObject:
  m_ObjectHideFlags: 0
  m_PrefabParentObject: {fileID: 0}
  m_PrefabInternal: {fileID: 100100000}
  serializedVersion: 4
  m_Component:
  - 4: {fileID: 400132}
  - 137: {fileID: 13700000}
  m_Layer: 0
  m_Name: mentor
  m_TagString: Untagged
  m_Icon: {fileID: 0}
  m_NavMeshLayer: 0
  m_StaticEditorFlags: 0
  m_IsActive: 1
--- !u!1 &100008
GameObject:
  m_ObjectHideFlags: 1
  m_PrefabParentObject: {fileID: 0}
  m_PrefabInternal: {fileID: 100100000}
  serializedVersion: 4
  m_Component:
  - 4: {fileID: 400004}
  m_Layer: 0
  m_Name: BipMentor Head
  m_TagString: Untagged
  m_Icon: {fileID: 0}
  m_NavMeshLayer: 0
  m_StaticEditorFlags: 0
  m_IsActive: 1
--- !u!1 &100010
GameObject:
  m_ObjectHideFlags: 1
  m_PrefabParentObject: {fileID: 0}
  m_PrefabInternal: {fileID: 100100000}
  serializedVersion: 4
  m_Component:
  - 4: {fileID: 400006}
  m_Layer: 0
  m_Name: BipMentor HeadNub
  m_TagString: Untagged
  m_Icon: {fileID: 0}
  m_NavMeshLayer: 0
  m_StaticEditorFlags: 0
  m_IsActive: 1
--- !u!1 &100012
GameObject:
  m_ObjectHideFlags: 1
  m_PrefabParentObject: {fileID: 0}
  m_PrefabInternal: {fileID: 100100000}
  serializedVersion: 4
  m_Component:
  - 4: {fileID: 400008}
  m_Layer: 0
  m_Name: BipMentor L Calf
  m_TagString: Untagged
  m_Icon: {fileID: 0}
  m_NavMeshLayer: 0
  m_StaticEditorFlags: 0
  m_IsActive: 1
--- !u!1 &100014
GameObject:
  m_ObjectHideFlags: 1
  m_PrefabParentObject: {fileID: 0}
  m_PrefabInternal: {fileID: 100100000}
  serializedVersion: 4
  m_Component:
  - 4: {fileID: 400010}
  m_Layer: 0
  m_Name: BipMentor L Clavicle
  m_TagString: Untagged
  m_Icon: {fileID: 0}
  m_NavMeshLayer: 0
  m_StaticEditorFlags: 0
  m_IsActive: 1
--- !u!1 &100016
GameObject:
  m_ObjectHideFlags: 1
  m_PrefabParentObject: {fileID: 0}
  m_PrefabInternal: {fileID: 100100000}
  serializedVersion: 4
  m_Component:
  - 4: {fileID: 400012}
  m_Layer: 0
  m_Name: BipMentor L Finger0
  m_TagString: Untagged
  m_Icon: {fileID: 0}
  m_NavMeshLayer: 0
  m_StaticEditorFlags: 0
  m_IsActive: 1
--- !u!1 &100018
GameObject:
  m_ObjectHideFlags: 1
  m_PrefabParentObject: {fileID: 0}
  m_PrefabInternal: {fileID: 100100000}
  serializedVersion: 4
  m_Component:
  - 4: {fileID: 400014}
  m_Layer: 0
  m_Name: BipMentor L Finger01
  m_TagString: Untagged
  m_Icon: {fileID: 0}
  m_NavMeshLayer: 0
  m_StaticEditorFlags: 0
  m_IsActive: 1
--- !u!1 &100020
GameObject:
  m_ObjectHideFlags: 1
  m_PrefabParentObject: {fileID: 0}
  m_PrefabInternal: {fileID: 100100000}
  serializedVersion: 4
  m_Component:
  - 4: {fileID: 400016}
  m_Layer: 0
  m_Name: BipMentor L Finger0Nub
  m_TagString: Untagged
  m_Icon: {fileID: 0}
  m_NavMeshLayer: 0
  m_StaticEditorFlags: 0
  m_IsActive: 1
--- !u!1 &100022
GameObject:
  m_ObjectHideFlags: 1
  m_PrefabParentObject: {fileID: 0}
  m_PrefabInternal: {fileID: 100100000}
  serializedVersion: 4
  m_Component:
  - 4: {fileID: 400018}
  m_Layer: 0
  m_Name: BipMentor L Finger1
  m_TagString: Untagged
  m_Icon: {fileID: 0}
  m_NavMeshLayer: 0
  m_StaticEditorFlags: 0
  m_IsActive: 1
--- !u!1 &100024
GameObject:
  m_ObjectHideFlags: 1
  m_PrefabParentObject: {fileID: 0}
  m_PrefabInternal: {fileID: 100100000}
  serializedVersion: 4
  m_Component:
  - 4: {fileID: 400020}
  m_Layer: 0
  m_Name: BipMentor L Finger11
  m_TagString: Untagged
  m_Icon: {fileID: 0}
  m_NavMeshLayer: 0
  m_StaticEditorFlags: 0
  m_IsActive: 1
--- !u!1 &100026
GameObject:
  m_ObjectHideFlags: 1
  m_PrefabParentObject: {fileID: 0}
  m_PrefabInternal: {fileID: 100100000}
  serializedVersion: 4
  m_Component:
  - 4: {fileID: 400022}
  m_Layer: 0
  m_Name: BipMentor L Finger1Nub
  m_TagString: Untagged
  m_Icon: {fileID: 0}
  m_NavMeshLayer: 0
  m_StaticEditorFlags: 0
  m_IsActive: 1
--- !u!1 &100028
GameObject:
  m_ObjectHideFlags: 1
  m_PrefabParentObject: {fileID: 0}
  m_PrefabInternal: {fileID: 100100000}
  serializedVersion: 4
  m_Component:
  - 4: {fileID: 400024}
  m_Layer: 0
  m_Name: BipMentor L Finger2
  m_TagString: Untagged
  m_Icon: {fileID: 0}
  m_NavMeshLayer: 0
  m_StaticEditorFlags: 0
  m_IsActive: 1
--- !u!1 &100030
GameObject:
  m_ObjectHideFlags: 1
  m_PrefabParentObject: {fileID: 0}
  m_PrefabInternal: {fileID: 100100000}
  serializedVersion: 4
  m_Component:
  - 4: {fileID: 400026}
  m_Layer: 0
  m_Name: BipMentor L Finger21
  m_TagString: Untagged
  m_Icon: {fileID: 0}
  m_NavMeshLayer: 0
  m_StaticEditorFlags: 0
  m_IsActive: 1
--- !u!1 &100032
GameObject:
  m_ObjectHideFlags: 1
  m_PrefabParentObject: {fileID: 0}
  m_PrefabInternal: {fileID: 100100000}
  serializedVersion: 4
  m_Component:
  - 4: {fileID: 400028}
  m_Layer: 0
  m_Name: BipMentor L Finger2Nub
  m_TagString: Untagged
  m_Icon: {fileID: 0}
  m_NavMeshLayer: 0
  m_StaticEditorFlags: 0
  m_IsActive: 1
--- !u!1 &100034
GameObject:
  m_ObjectHideFlags: 1
  m_PrefabParentObject: {fileID: 0}
  m_PrefabInternal: {fileID: 100100000}
  serializedVersion: 4
  m_Component:
  - 4: {fileID: 400030}
  m_Layer: 0
  m_Name: BipMentor L Finger3
  m_TagString: Untagged
  m_Icon: {fileID: 0}
  m_NavMeshLayer: 0
  m_StaticEditorFlags: 0
  m_IsActive: 1
--- !u!1 &100036
GameObject:
  m_ObjectHideFlags: 1
  m_PrefabParentObject: {fileID: 0}
  m_PrefabInternal: {fileID: 100100000}
  serializedVersion: 4
  m_Component:
  - 4: {fileID: 400032}
  m_Layer: 0
  m_Name: BipMentor L Finger31
  m_TagString: Untagged
  m_Icon: {fileID: 0}
  m_NavMeshLayer: 0
  m_StaticEditorFlags: 0
  m_IsActive: 1
--- !u!1 &100038
GameObject:
  m_ObjectHideFlags: 1
  m_PrefabParentObject: {fileID: 0}
  m_PrefabInternal: {fileID: 100100000}
  serializedVersion: 4
  m_Component:
  - 4: {fileID: 400034}
  m_Layer: 0
  m_Name: BipMentor L Finger3Nub
  m_TagString: Untagged
  m_Icon: {fileID: 0}
  m_NavMeshLayer: 0
  m_StaticEditorFlags: 0
  m_IsActive: 1
--- !u!1 &100040
GameObject:
  m_ObjectHideFlags: 1
  m_PrefabParentObject: {fileID: 0}
  m_PrefabInternal: {fileID: 100100000}
  serializedVersion: 4
  m_Component:
  - 4: {fileID: 400036}
  m_Layer: 0
  m_Name: BipMentor L Finger4
  m_TagString: Untagged
  m_Icon: {fileID: 0}
  m_NavMeshLayer: 0
  m_StaticEditorFlags: 0
  m_IsActive: 1
--- !u!1 &100042
GameObject:
  m_ObjectHideFlags: 1
  m_PrefabParentObject: {fileID: 0}
  m_PrefabInternal: {fileID: 100100000}
  serializedVersion: 4
  m_Component:
  - 4: {fileID: 400038}
  m_Layer: 0
  m_Name: BipMentor L Finger41
  m_TagString: Untagged
  m_Icon: {fileID: 0}
  m_NavMeshLayer: 0
  m_StaticEditorFlags: 0
  m_IsActive: 1
--- !u!1 &100044
GameObject:
  m_ObjectHideFlags: 1
  m_PrefabParentObject: {fileID: 0}
  m_PrefabInternal: {fileID: 100100000}
  serializedVersion: 4
  m_Component:
  - 4: {fileID: 400040}
  m_Layer: 0
  m_Name: BipMentor L Finger4Nub
  m_TagString: Untagged
  m_Icon: {fileID: 0}
  m_NavMeshLayer: 0
  m_StaticEditorFlags: 0
  m_IsActive: 1
--- !u!1 &100046
GameObject:
  m_ObjectHideFlags: 1
  m_PrefabParentObject: {fileID: 0}
  m_PrefabInternal: {fileID: 100100000}
  serializedVersion: 4
  m_Component:
  - 4: {fileID: 400042}
  m_Layer: 0
  m_Name: BipMentor L Foot
  m_TagString: Untagged
  m_Icon: {fileID: 0}
  m_NavMeshLayer: 0
  m_StaticEditorFlags: 0
  m_IsActive: 1
--- !u!1 &100048
GameObject:
  m_ObjectHideFlags: 1
  m_PrefabParentObject: {fileID: 0}
  m_PrefabInternal: {fileID: 100100000}
  serializedVersion: 4
  m_Component:
  - 4: {fileID: 400044}
  m_Layer: 0
  m_Name: BipMentor L Forearm
  m_TagString: Untagged
  m_Icon: {fileID: 0}
  m_NavMeshLayer: 0
  m_StaticEditorFlags: 0
  m_IsActive: 1
--- !u!1 &100050
GameObject:
  m_ObjectHideFlags: 1
  m_PrefabParentObject: {fileID: 0}
  m_PrefabInternal: {fileID: 100100000}
  serializedVersion: 4
  m_Component:
  - 4: {fileID: 400046}
  m_Layer: 0
  m_Name: BipMentor L ForeTwist
  m_TagString: Untagged
  m_Icon: {fileID: 0}
  m_NavMeshLayer: 0
  m_StaticEditorFlags: 0
  m_IsActive: 1
--- !u!1 &100052
GameObject:
  m_ObjectHideFlags: 1
  m_PrefabParentObject: {fileID: 0}
  m_PrefabInternal: {fileID: 100100000}
  serializedVersion: 4
  m_Component:
  - 4: {fileID: 400048}
  m_Layer: 0
  m_Name: BipMentor L ForeTwist1
  m_TagString: Untagged
  m_Icon: {fileID: 0}
  m_NavMeshLayer: 0
  m_StaticEditorFlags: 0
  m_IsActive: 1
--- !u!1 &100054
GameObject:
  m_ObjectHideFlags: 1
  m_PrefabParentObject: {fileID: 0}
  m_PrefabInternal: {fileID: 100100000}
  serializedVersion: 4
  m_Component:
  - 4: {fileID: 400050}
  m_Layer: 0
  m_Name: BipMentor L Hand
  m_TagString: Untagged
  m_Icon: {fileID: 0}
  m_NavMeshLayer: 0
  m_StaticEditorFlags: 0
  m_IsActive: 1
--- !u!1 &100056
GameObject:
  m_ObjectHideFlags: 1
  m_PrefabParentObject: {fileID: 0}
  m_PrefabInternal: {fileID: 100100000}
  serializedVersion: 4
  m_Component:
  - 4: {fileID: 400052}
  m_Layer: 0
  m_Name: BipMentor L Thigh
  m_TagString: Untagged
  m_Icon: {fileID: 0}
  m_NavMeshLayer: 0
  m_StaticEditorFlags: 0
  m_IsActive: 1
--- !u!1 &100058
GameObject:
  m_ObjectHideFlags: 1
  m_PrefabParentObject: {fileID: 0}
  m_PrefabInternal: {fileID: 100100000}
  serializedVersion: 4
  m_Component:
  - 4: {fileID: 400054}
  m_Layer: 0
  m_Name: BipMentor L Toe0
  m_TagString: Untagged
  m_Icon: {fileID: 0}
  m_NavMeshLayer: 0
  m_StaticEditorFlags: 0
  m_IsActive: 1
--- !u!1 &100060
GameObject:
  m_ObjectHideFlags: 1
  m_PrefabParentObject: {fileID: 0}
  m_PrefabInternal: {fileID: 100100000}
  serializedVersion: 4
  m_Component:
  - 4: {fileID: 400056}
  m_Layer: 0
  m_Name: BipMentor L Toe0Nub
  m_TagString: Untagged
  m_Icon: {fileID: 0}
  m_NavMeshLayer: 0
  m_StaticEditorFlags: 0
  m_IsActive: 1
--- !u!1 &100062
GameObject:
  m_ObjectHideFlags: 1
  m_PrefabParentObject: {fileID: 0}
  m_PrefabInternal: {fileID: 100100000}
  serializedVersion: 4
  m_Component:
  - 4: {fileID: 400058}
  m_Layer: 0
  m_Name: BipMentor L UpperArm
  m_TagString: Untagged
  m_Icon: {fileID: 0}
  m_NavMeshLayer: 0
  m_StaticEditorFlags: 0
  m_IsActive: 1
--- !u!1 &100064
GameObject:
  m_ObjectHideFlags: 1
  m_PrefabParentObject: {fileID: 0}
  m_PrefabInternal: {fileID: 100100000}
  serializedVersion: 4
  m_Component:
  - 4: {fileID: 400060}
  m_Layer: 0
  m_Name: BipMentor Neck
  m_TagString: Untagged
  m_Icon: {fileID: 0}
  m_NavMeshLayer: 0
  m_StaticEditorFlags: 0
  m_IsActive: 1
--- !u!1 &100066
GameObject:
  m_ObjectHideFlags: 1
  m_PrefabParentObject: {fileID: 0}
  m_PrefabInternal: {fileID: 100100000}
  serializedVersion: 4
  m_Component:
  - 4: {fileID: 400062}
  m_Layer: 0
  m_Name: BipMentor Pelvis
  m_TagString: Untagged
  m_Icon: {fileID: 0}
  m_NavMeshLayer: 0
  m_StaticEditorFlags: 0
  m_IsActive: 1
--- !u!1 &100068
GameObject:
  m_ObjectHideFlags: 1
  m_PrefabParentObject: {fileID: 0}
  m_PrefabInternal: {fileID: 100100000}
  serializedVersion: 4
  m_Component:
  - 4: {fileID: 400064}
  m_Layer: 0
  m_Name: BipMentor R Calf
  m_TagString: Untagged
  m_Icon: {fileID: 0}
  m_NavMeshLayer: 0
  m_StaticEditorFlags: 0
  m_IsActive: 1
--- !u!1 &100070
GameObject:
  m_ObjectHideFlags: 1
  m_PrefabParentObject: {fileID: 0}
  m_PrefabInternal: {fileID: 100100000}
  serializedVersion: 4
  m_Component:
  - 4: {fileID: 400066}
  m_Layer: 0
  m_Name: BipMentor R Clavicle
  m_TagString: Untagged
  m_Icon: {fileID: 0}
  m_NavMeshLayer: 0
  m_StaticEditorFlags: 0
  m_IsActive: 1
--- !u!1 &100072
GameObject:
  m_ObjectHideFlags: 1
  m_PrefabParentObject: {fileID: 0}
  m_PrefabInternal: {fileID: 100100000}
  serializedVersion: 4
  m_Component:
  - 4: {fileID: 400068}
  m_Layer: 0
  m_Name: BipMentor R Finger0
  m_TagString: Untagged
  m_Icon: {fileID: 0}
  m_NavMeshLayer: 0
  m_StaticEditorFlags: 0
  m_IsActive: 1
--- !u!1 &100074
GameObject:
  m_ObjectHideFlags: 1
  m_PrefabParentObject: {fileID: 0}
  m_PrefabInternal: {fileID: 100100000}
  serializedVersion: 4
  m_Component:
  - 4: {fileID: 400070}
  m_Layer: 0
  m_Name: BipMentor R Finger01
  m_TagString: Untagged
  m_Icon: {fileID: 0}
  m_NavMeshLayer: 0
  m_StaticEditorFlags: 0
  m_IsActive: 1
--- !u!1 &100076
GameObject:
  m_ObjectHideFlags: 1
  m_PrefabParentObject: {fileID: 0}
  m_PrefabInternal: {fileID: 100100000}
  serializedVersion: 4
  m_Component:
  - 4: {fileID: 400072}
  m_Layer: 0
  m_Name: BipMentor R Finger0Nub
  m_TagString: Untagged
  m_Icon: {fileID: 0}
  m_NavMeshLayer: 0
  m_StaticEditorFlags: 0
  m_IsActive: 1
--- !u!1 &100078
GameObject:
  m_ObjectHideFlags: 1
  m_PrefabParentObject: {fileID: 0}
  m_PrefabInternal: {fileID: 100100000}
  serializedVersion: 4
  m_Component:
  - 4: {fileID: 400074}
  m_Layer: 0
  m_Name: BipMentor R Finger1
  m_TagString: Untagged
  m_Icon: {fileID: 0}
  m_NavMeshLayer: 0
  m_StaticEditorFlags: 0
  m_IsActive: 1
--- !u!1 &100080
GameObject:
  m_ObjectHideFlags: 1
  m_PrefabParentObject: {fileID: 0}
  m_PrefabInternal: {fileID: 100100000}
  serializedVersion: 4
  m_Component:
  - 4: {fileID: 400076}
  m_Layer: 0
  m_Name: BipMentor R Finger11
  m_TagString: Untagged
  m_Icon: {fileID: 0}
  m_NavMeshLayer: 0
  m_StaticEditorFlags: 0
  m_IsActive: 1
--- !u!1 &100082
GameObject:
  m_ObjectHideFlags: 1
  m_PrefabParentObject: {fileID: 0}
  m_PrefabInternal: {fileID: 100100000}
  serializedVersion: 4
  m_Component:
  - 4: {fileID: 400078}
  m_Layer: 0
  m_Name: BipMentor R Finger1Nub
  m_TagString: Untagged
  m_Icon: {fileID: 0}
  m_NavMeshLayer: 0
  m_StaticEditorFlags: 0
  m_IsActive: 1
--- !u!1 &100084
GameObject:
  m_ObjectHideFlags: 1
  m_PrefabParentObject: {fileID: 0}
  m_PrefabInternal: {fileID: 100100000}
  serializedVersion: 4
  m_Component:
  - 4: {fileID: 400080}
  m_Layer: 0
  m_Name: BipMentor R Finger2
  m_TagString: Untagged
  m_Icon: {fileID: 0}
  m_NavMeshLayer: 0
  m_StaticEditorFlags: 0
  m_IsActive: 1
--- !u!1 &100086
GameObject:
  m_ObjectHideFlags: 1
  m_PrefabParentObject: {fileID: 0}
  m_PrefabInternal: {fileID: 100100000}
  serializedVersion: 4
  m_Component:
  - 4: {fileID: 400082}
  m_Layer: 0
  m_Name: BipMentor R Finger21
  m_TagString: Untagged
  m_Icon: {fileID: 0}
  m_NavMeshLayer: 0
  m_StaticEditorFlags: 0
  m_IsActive: 1
--- !u!1 &100088
GameObject:
  m_ObjectHideFlags: 1
  m_PrefabParentObject: {fileID: 0}
  m_PrefabInternal: {fileID: 100100000}
  serializedVersion: 4
  m_Component:
  - 4: {fileID: 400084}
  m_Layer: 0
  m_Name: BipMentor R Finger2Nub
  m_TagString: Untagged
  m_Icon: {fileID: 0}
  m_NavMeshLayer: 0
  m_StaticEditorFlags: 0
  m_IsActive: 1
--- !u!1 &100090
GameObject:
  m_ObjectHideFlags: 1
  m_PrefabParentObject: {fileID: 0}
  m_PrefabInternal: {fileID: 100100000}
  serializedVersion: 4
  m_Component:
  - 4: {fileID: 400086}
  m_Layer: 0
  m_Name: BipMentor R Finger3
  m_TagString: Untagged
  m_Icon: {fileID: 0}
  m_NavMeshLayer: 0
  m_StaticEditorFlags: 0
  m_IsActive: 1
--- !u!1 &100092
GameObject:
  m_ObjectHideFlags: 1
  m_PrefabParentObject: {fileID: 0}
  m_PrefabInternal: {fileID: 100100000}
  serializedVersion: 4
  m_Component:
  - 4: {fileID: 400088}
  m_Layer: 0
  m_Name: BipMentor R Finger31
  m_TagString: Untagged
  m_Icon: {fileID: 0}
  m_NavMeshLayer: 0
  m_StaticEditorFlags: 0
  m_IsActive: 1
--- !u!1 &100094
GameObject:
  m_ObjectHideFlags: 1
  m_PrefabParentObject: {fileID: 0}
  m_PrefabInternal: {fileID: 100100000}
  serializedVersion: 4
  m_Component:
  - 4: {fileID: 400090}
  m_Layer: 0
  m_Name: BipMentor R Finger3Nub
  m_TagString: Untagged
  m_Icon: {fileID: 0}
  m_NavMeshLayer: 0
  m_StaticEditorFlags: 0
  m_IsActive: 1
--- !u!1 &100096
GameObject:
  m_ObjectHideFlags: 1
  m_PrefabParentObject: {fileID: 0}
  m_PrefabInternal: {fileID: 100100000}
  serializedVersion: 4
  m_Component:
  - 4: {fileID: 400092}
  m_Layer: 0
  m_Name: BipMentor R Finger4
  m_TagString: Untagged
  m_Icon: {fileID: 0}
  m_NavMeshLayer: 0
  m_StaticEditorFlags: 0
  m_IsActive: 1
--- !u!1 &100098
GameObject:
  m_ObjectHideFlags: 1
  m_PrefabParentObject: {fileID: 0}
  m_PrefabInternal: {fileID: 100100000}
  serializedVersion: 4
  m_Component:
  - 4: {fileID: 400094}
  m_Layer: 0
  m_Name: BipMentor R Finger41
  m_TagString: Untagged
  m_Icon: {fileID: 0}
  m_NavMeshLayer: 0
  m_StaticEditorFlags: 0
  m_IsActive: 1
--- !u!1 &100100
GameObject:
  m_ObjectHideFlags: 1
  m_PrefabParentObject: {fileID: 0}
  m_PrefabInternal: {fileID: 100100000}
  serializedVersion: 4
  m_Component:
  - 4: {fileID: 400096}
  m_Layer: 0
  m_Name: BipMentor R Finger4Nub
  m_TagString: Untagged
  m_Icon: {fileID: 0}
  m_NavMeshLayer: 0
  m_StaticEditorFlags: 0
  m_IsActive: 1
--- !u!1 &100102
GameObject:
  m_ObjectHideFlags: 1
  m_PrefabParentObject: {fileID: 0}
  m_PrefabInternal: {fileID: 100100000}
  serializedVersion: 4
  m_Component:
  - 4: {fileID: 400098}
  m_Layer: 0
  m_Name: BipMentor R Foot
  m_TagString: Untagged
  m_Icon: {fileID: 0}
  m_NavMeshLayer: 0
  m_StaticEditorFlags: 0
  m_IsActive: 1
--- !u!1 &100104
GameObject:
  m_ObjectHideFlags: 1
  m_PrefabParentObject: {fileID: 0}
  m_PrefabInternal: {fileID: 100100000}
  serializedVersion: 4
  m_Component:
  - 4: {fileID: 400100}
  m_Layer: 0
  m_Name: BipMentor R Forearm
  m_TagString: Untagged
  m_Icon: {fileID: 0}
  m_NavMeshLayer: 0
  m_StaticEditorFlags: 0
  m_IsActive: 1
--- !u!1 &100106
GameObject:
  m_ObjectHideFlags: 1
  m_PrefabParentObject: {fileID: 0}
  m_PrefabInternal: {fileID: 100100000}
  serializedVersion: 4
  m_Component:
  - 4: {fileID: 400102}
  m_Layer: 0
  m_Name: BipMentor R ForeTwist
  m_TagString: Untagged
  m_Icon: {fileID: 0}
  m_NavMeshLayer: 0
  m_StaticEditorFlags: 0
  m_IsActive: 1
--- !u!1 &100108
GameObject:
  m_ObjectHideFlags: 1
  m_PrefabParentObject: {fileID: 0}
  m_PrefabInternal: {fileID: 100100000}
  serializedVersion: 4
  m_Component:
  - 4: {fileID: 400104}
  m_Layer: 0
  m_Name: BipMentor R ForeTwist1
  m_TagString: Untagged
  m_Icon: {fileID: 0}
  m_NavMeshLayer: 0
  m_StaticEditorFlags: 0
  m_IsActive: 1
--- !u!1 &100110
GameObject:
  m_ObjectHideFlags: 1
  m_PrefabParentObject: {fileID: 0}
  m_PrefabInternal: {fileID: 100100000}
  serializedVersion: 4
  m_Component:
  - 4: {fileID: 400106}
  m_Layer: 0
  m_Name: BipMentor R Hand
  m_TagString: Untagged
  m_Icon: {fileID: 0}
  m_NavMeshLayer: 0
  m_StaticEditorFlags: 0
  m_IsActive: 1
--- !u!1 &100112
GameObject:
  m_ObjectHideFlags: 1
  m_PrefabParentObject: {fileID: 0}
  m_PrefabInternal: {fileID: 100100000}
  serializedVersion: 4
  m_Component:
  - 4: {fileID: 400108}
  m_Layer: 0
  m_Name: BipMentor R Thigh
  m_TagString: Untagged
  m_Icon: {fileID: 0}
  m_NavMeshLayer: 0
  m_StaticEditorFlags: 0
  m_IsActive: 1
--- !u!1 &100114
GameObject:
  m_ObjectHideFlags: 1
  m_PrefabParentObject: {fileID: 0}
  m_PrefabInternal: {fileID: 100100000}
  serializedVersion: 4
  m_Component:
  - 4: {fileID: 400110}
  m_Layer: 0
  m_Name: BipMentor R Toe0
  m_TagString: Untagged
  m_Icon: {fileID: 0}
  m_NavMeshLayer: 0
  m_StaticEditorFlags: 0
  m_IsActive: 1
--- !u!1 &100116
GameObject:
  m_ObjectHideFlags: 1
  m_PrefabParentObject: {fileID: 0}
  m_PrefabInternal: {fileID: 100100000}
  serializedVersion: 4
  m_Component:
  - 4: {fileID: 400112}
  m_Layer: 0
  m_Name: BipMentor R Toe0Nub
  m_TagString: Untagged
  m_Icon: {fileID: 0}
  m_NavMeshLayer: 0
  m_StaticEditorFlags: 0
  m_IsActive: 1
--- !u!1 &100118
GameObject:
  m_ObjectHideFlags: 1
  m_PrefabParentObject: {fileID: 0}
  m_PrefabInternal: {fileID: 100100000}
  serializedVersion: 4
  m_Component:
  - 4: {fileID: 400114}
  m_Layer: 0
  m_Name: BipMentor R UpperArm
  m_TagString: Untagged
  m_Icon: {fileID: 0}
  m_NavMeshLayer: 0
  m_StaticEditorFlags: 0
  m_IsActive: 1
--- !u!1 &100120
GameObject:
  m_ObjectHideFlags: 1
  m_PrefabParentObject: {fileID: 0}
  m_PrefabInternal: {fileID: 100100000}
  serializedVersion: 4
  m_Component:
  - 4: {fileID: 400116}
  m_Layer: 0
  m_Name: BipMentor Spine
  m_TagString: Untagged
  m_Icon: {fileID: 0}
  m_NavMeshLayer: 0
  m_StaticEditorFlags: 0
  m_IsActive: 1
--- !u!1 &100122
GameObject:
  m_ObjectHideFlags: 1
  m_PrefabParentObject: {fileID: 0}
  m_PrefabInternal: {fileID: 100100000}
  serializedVersion: 4
  m_Component:
  - 4: {fileID: 400118}
  m_Layer: 0
  m_Name: BipMentor Spine1
  m_TagString: Untagged
  m_Icon: {fileID: 0}
  m_NavMeshLayer: 0
  m_StaticEditorFlags: 0
  m_IsActive: 1
--- !u!1 &100124
GameObject:
  m_ObjectHideFlags: 1
  m_PrefabParentObject: {fileID: 0}
  m_PrefabInternal: {fileID: 100100000}
  serializedVersion: 4
  m_Component:
  - 4: {fileID: 400120}
  m_Layer: 0
  m_Name: Bone01_book
  m_TagString: Untagged
  m_Icon: {fileID: 0}
  m_NavMeshLayer: 0
  m_StaticEditorFlags: 0
  m_IsActive: 1
--- !u!1 &100126
GameObject:
  m_ObjectHideFlags: 1
  m_PrefabParentObject: {fileID: 0}
  m_PrefabInternal: {fileID: 100100000}
  serializedVersion: 4
  m_Component:
  - 4: {fileID: 400122}
  m_Layer: 0
  m_Name: Bone02_book
  m_TagString: Untagged
  m_Icon: {fileID: 0}
  m_NavMeshLayer: 0
  m_StaticEditorFlags: 0
  m_IsActive: 1
--- !u!1 &100128
GameObject:
  m_ObjectHideFlags: 1
  m_PrefabParentObject: {fileID: 0}
  m_PrefabInternal: {fileID: 100100000}
  serializedVersion: 4
  m_Component:
  - 4: {fileID: 400124}
  m_Layer: 0
  m_Name: Bone03_book
  m_TagString: Untagged
  m_Icon: {fileID: 0}
  m_NavMeshLayer: 0
  m_StaticEditorFlags: 0
  m_IsActive: 1
--- !u!1 &100130
GameObject:
  m_ObjectHideFlags: 1
  m_PrefabParentObject: {fileID: 0}
  m_PrefabInternal: {fileID: 100100000}
  serializedVersion: 4
  m_Component:
  - 4: {fileID: 400126}
  m_Layer: 0
  m_Name: Bone04_book
  m_TagString: Untagged
  m_Icon: {fileID: 0}
  m_NavMeshLayer: 0
  m_StaticEditorFlags: 0
  m_IsActive: 1
--- !u!1 &100132
GameObject:
  m_ObjectHideFlags: 1
  m_PrefabParentObject: {fileID: 0}
  m_PrefabInternal: {fileID: 100100000}
  serializedVersion: 4
  m_Component:
  - 4: {fileID: 400128}
  m_Layer: 0
  m_Name: Bone05_book
  m_TagString: Untagged
  m_Icon: {fileID: 0}
  m_NavMeshLayer: 0
  m_StaticEditorFlags: 0
  m_IsActive: 1
--- !u!1 &100134
GameObject:
  m_ObjectHideFlags: 1
  m_PrefabParentObject: {fileID: 0}
  m_PrefabInternal: {fileID: 100100000}
  serializedVersion: 4
  m_Component:
  - 4: {fileID: 400134}
  m_Layer: 0
  m_Name: mentor_bone_browl
  m_TagString: Untagged
  m_Icon: {fileID: 0}
  m_NavMeshLayer: 0
  m_StaticEditorFlags: 0
  m_IsActive: 1
--- !u!1 &100136
GameObject:
  m_ObjectHideFlags: 1
  m_PrefabParentObject: {fileID: 0}
  m_PrefabInternal: {fileID: 100100000}
  serializedVersion: 4
  m_Component:
  - 4: {fileID: 400136}
  m_Layer: 0
  m_Name: mentor_bone_browl_e
  m_TagString: Untagged
  m_Icon: {fileID: 0}
  m_NavMeshLayer: 0
  m_StaticEditorFlags: 0
  m_IsActive: 1
--- !u!1 &100138
GameObject:
  m_ObjectHideFlags: 1
  m_PrefabParentObject: {fileID: 0}
  m_PrefabInternal: {fileID: 100100000}
  serializedVersion: 4
  m_Component:
  - 4: {fileID: 400138}
  m_Layer: 0
  m_Name: mentor_bone_browr
  m_TagString: Untagged
  m_Icon: {fileID: 0}
  m_NavMeshLayer: 0
  m_StaticEditorFlags: 0
  m_IsActive: 1
--- !u!1 &100140
GameObject:
  m_ObjectHideFlags: 1
  m_PrefabParentObject: {fileID: 0}
  m_PrefabInternal: {fileID: 100100000}
  serializedVersion: 4
  m_Component:
  - 4: {fileID: 400140}
  m_Layer: 0
  m_Name: mentor_bone_browr_e
  m_TagString: Untagged
  m_Icon: {fileID: 0}
  m_NavMeshLayer: 0
  m_StaticEditorFlags: 0
  m_IsActive: 1
--- !u!1 &100142
GameObject:
  m_ObjectHideFlags: 1
  m_PrefabParentObject: {fileID: 0}
  m_PrefabInternal: {fileID: 100100000}
  serializedVersion: 4
  m_Component:
  - 4: {fileID: 400142}
  m_Layer: 0
  m_Name: mentor_bone_eyel
  m_TagString: Untagged
  m_Icon: {fileID: 0}
  m_NavMeshLayer: 0
  m_StaticEditorFlags: 0
  m_IsActive: 1
--- !u!1 &100144
GameObject:
  m_ObjectHideFlags: 1
  m_PrefabParentObject: {fileID: 0}
  m_PrefabInternal: {fileID: 100100000}
  serializedVersion: 4
  m_Component:
  - 4: {fileID: 400144}
  m_Layer: 0
  m_Name: mentor_bone_eyel_e
  m_TagString: Untagged
  m_Icon: {fileID: 0}
  m_NavMeshLayer: 0
  m_StaticEditorFlags: 0
  m_IsActive: 1
--- !u!1 &100146
GameObject:
  m_ObjectHideFlags: 1
  m_PrefabParentObject: {fileID: 0}
  m_PrefabInternal: {fileID: 100100000}
  serializedVersion: 4
  m_Component:
  - 4: {fileID: 400146}
  m_Layer: 0
  m_Name: mentor_bone_eyer
  m_TagString: Untagged
  m_Icon: {fileID: 0}
  m_NavMeshLayer: 0
  m_StaticEditorFlags: 0
  m_IsActive: 1
--- !u!1 &100148
GameObject:
  m_ObjectHideFlags: 1
  m_PrefabParentObject: {fileID: 0}
  m_PrefabInternal: {fileID: 100100000}
  serializedVersion: 4
  m_Component:
  - 4: {fileID: 400148}
  m_Layer: 0
  m_Name: mentor_bone_eyer_e
  m_TagString: Untagged
  m_Icon: {fileID: 0}
  m_NavMeshLayer: 0
  m_StaticEditorFlags: 0
  m_IsActive: 1
--- !u!1 &100150
GameObject:
  m_ObjectHideFlags: 1
  m_PrefabParentObject: {fileID: 0}
  m_PrefabInternal: {fileID: 100100000}
  serializedVersion: 4
  m_Component:
  - 4: {fileID: 400150}
  m_Layer: 0
  m_Name: mentor_bone_jaw_1
  m_TagString: Untagged
  m_Icon: {fileID: 0}
  m_NavMeshLayer: 0
  m_StaticEditorFlags: 0
  m_IsActive: 1
--- !u!1 &100152
GameObject:
  m_ObjectHideFlags: 1
  m_PrefabParentObject: {fileID: 0}
  m_PrefabInternal: {fileID: 100100000}
  serializedVersion: 4
  m_Component:
  - 4: {fileID: 400152}
  m_Layer: 0
  m_Name: mentor_bone_jaw_2
  m_TagString: Untagged
  m_Icon: {fileID: 0}
  m_NavMeshLayer: 0
  m_StaticEditorFlags: 0
  m_IsActive: 1
--- !u!1 &100154
GameObject:
  m_ObjectHideFlags: 1
  m_PrefabParentObject: {fileID: 0}
  m_PrefabInternal: {fileID: 100100000}
  serializedVersion: 4
  m_Component:
  - 4: {fileID: 400154}
  m_Layer: 0
  m_Name: mentor_bone_jaw_e
  m_TagString: Untagged
  m_Icon: {fileID: 0}
  m_NavMeshLayer: 0
  m_StaticEditorFlags: 0
  m_IsActive: 1
--- !u!1 &100156
GameObject:
  m_ObjectHideFlags: 1
  m_PrefabParentObject: {fileID: 0}
  m_PrefabInternal: {fileID: 100100000}
  serializedVersion: 4
  m_Component:
  - 4: {fileID: 400156}
  m_Layer: 0
  m_Name: mentor_bone_lidl
  m_TagString: Untagged
  m_Icon: {fileID: 0}
  m_NavMeshLayer: 0
  m_StaticEditorFlags: 0
  m_IsActive: 1
--- !u!1 &100158
GameObject:
  m_ObjectHideFlags: 1
  m_PrefabParentObject: {fileID: 0}
  m_PrefabInternal: {fileID: 100100000}
  serializedVersion: 4
  m_Component:
  - 4: {fileID: 400158}
  m_Layer: 0
  m_Name: mentor_bone_lidl_e
  m_TagString: Untagged
  m_Icon: {fileID: 0}
  m_NavMeshLayer: 0
  m_StaticEditorFlags: 0
  m_IsActive: 1
--- !u!1 &100160
GameObject:
  m_ObjectHideFlags: 1
  m_PrefabParentObject: {fileID: 0}
  m_PrefabInternal: {fileID: 100100000}
  serializedVersion: 4
  m_Component:
  - 4: {fileID: 400160}
  m_Layer: 0
  m_Name: mentor_bone_lidr
  m_TagString: Untagged
  m_Icon: {fileID: 0}
  m_NavMeshLayer: 0
  m_StaticEditorFlags: 0
  m_IsActive: 1
--- !u!1 &100162
GameObject:
  m_ObjectHideFlags: 1
  m_PrefabParentObject: {fileID: 0}
  m_PrefabInternal: {fileID: 100100000}
  serializedVersion: 4
  m_Component:
  - 4: {fileID: 400162}
  m_Layer: 0
  m_Name: mentor_bone_lidr_e
  m_TagString: Untagged
  m_Icon: {fileID: 0}
  m_NavMeshLayer: 0
  m_StaticEditorFlags: 0
  m_IsActive: 1
--- !u!1 &100164
GameObject:
  m_ObjectHideFlags: 1
  m_PrefabParentObject: {fileID: 0}
  m_PrefabInternal: {fileID: 100100000}
  serializedVersion: 4
  m_Component:
  - 4: {fileID: 400164}
  m_Layer: 0
  m_Name: mentor_face_ctrls
  m_TagString: Untagged
  m_Icon: {fileID: 0}
  m_NavMeshLayer: 0
  m_StaticEditorFlags: 0
  m_IsActive: 1
--- !u!4 &400000
Transform:
  m_ObjectHideFlags: 1
  m_PrefabParentObject: {fileID: 0}
  m_PrefabInternal: {fileID: 100100000}
  m_GameObject: {fileID: 100002}
  m_LocalRotation: {x: .502398312, y: -.497590125, z: -.502398312, w: -.497590125}
  m_LocalPosition: {x: 0, y: 0, z: 0}
  m_LocalScale: {x: 1, y: .99999994, z: .99999994}
  m_Children:
  - {fileID: 400062}
  m_Father: {fileID: 400130}
  m_RootOrder: 0
--- !u!4 &400002
Transform:
  m_ObjectHideFlags: 1
  m_PrefabParentObject: {fileID: 0}
  m_PrefabInternal: {fileID: 100100000}
  m_GameObject: {fileID: 100004}
  m_LocalRotation: {x: -.707106829, y: 0, z: -0, w: .707106829}
  m_LocalPosition: {x: 0, y: -.979843557, z: 0}
  m_LocalScale: {x: 1, y: 1, z: 1}
  m_Children: []
  m_Father: {fileID: 400130}
  m_RootOrder: 1
--- !u!4 &400004
Transform:
  m_ObjectHideFlags: 1
  m_PrefabParentObject: {fileID: 0}
  m_PrefabInternal: {fileID: 100100000}
  m_GameObject: {fileID: 100008}
  m_LocalRotation: {x: .00296082883, y: .00295515917, z: -.13741295, w: .99050504}
  m_LocalPosition: {x: -.0623852536, y: 4.6424562e-09, z: 2.93334496e-10}
  m_LocalScale: {x: .99999994, y: 1, z: .99999994}
  m_Children:
  - {fileID: 400006}
  - {fileID: 400164}
  m_Father: {fileID: 400060}
  m_RootOrder: 0
--- !u!4 &400006
Transform:
  m_ObjectHideFlags: 1
  m_PrefabParentObject: {fileID: 0}
  m_PrefabInternal: {fileID: 100100000}
  m_GameObject: {fileID: 100010}
  m_LocalRotation: {x: -6.22088284e-11, y: -7.25670773e-11, z: 1.90027283e-09, w: 1}
  m_LocalPosition: {x: -.212494776, y: -3.68364494e-09, z: 1.52773003e-10}
  m_LocalScale: {x: 1, y: 1, z: 1}
  m_Children: []
  m_Father: {fileID: 400004}
  m_RootOrder: 0
--- !u!4 &400008
Transform:
  m_ObjectHideFlags: 1
  m_PrefabParentObject: {fileID: 0}
  m_PrefabInternal: {fileID: 100100000}
  m_GameObject: {fileID: 100012}
  m_LocalRotation: {x: -3.29536676e-10, y: -3.67684789e-12, z: .17625542, w: .984344482}
  m_LocalPosition: {x: -.467601448, y: 1.99759542e-10, z: -6.93987701e-10}
  m_LocalScale: {x: 1, y: 1, z: 1}
  m_Children:
  - {fileID: 400042}
  m_Father: {fileID: 400052}
  m_RootOrder: 0
--- !u!4 &400010
Transform:
  m_ObjectHideFlags: 1
  m_PrefabParentObject: {fileID: 0}
  m_PrefabInternal: {fileID: 100100000}
  m_GameObject: {fileID: 100014}
  m_LocalRotation: {x: -.689955831, y: -.154794723, z: .70121634, w: -.0910778046}
  m_LocalPosition: {x: .023064455, y: .000668716559, z: .0654685497}
  m_LocalScale: {x: 1, y: .99999994, z: .999999881}
  m_Children:
  - {fileID: 400058}
  m_Father: {fileID: 400060}
  m_RootOrder: 1
--- !u!4 &400012
Transform:
  m_ObjectHideFlags: 1
  m_PrefabParentObject: {fileID: 0}
  m_PrefabInternal: {fileID: 100100000}
  m_GameObject: {fileID: 100016}
  m_LocalRotation: {x: .401729792, y: -.436146379, z: .292227864, w: .750328183}
  m_LocalPosition: {x: -.0169209093, y: .0119008059, z: -.0268733576}
  m_LocalScale: {x: 1, y: 1, z: .99999994}
  m_Children:
  - {fileID: 400014}
  m_Father: {fileID: 400050}
  m_RootOrder: 0
--- !u!4 &400014
Transform:
  m_ObjectHideFlags: 1
  m_PrefabParentObject: {fileID: 0}
  m_PrefabInternal: {fileID: 100100000}
  m_GameObject: {fileID: 100018}
  m_LocalRotation: {x: 4.08143634e-08, y: 9.0066008e-09, z: .0377278365, w: .999288082}
  m_LocalPosition: {x: -.0528957918, y: -1.6586716e-08, z: 5.14306508e-09}
  m_LocalScale: {x: 1, y: 1, z: 1}
  m_Children:
  - {fileID: 400016}
  m_Father: {fileID: 400012}
  m_RootOrder: 0
--- !u!4 &400016
Transform:
  m_ObjectHideFlags: 1
  m_PrefabParentObject: {fileID: 0}
  m_PrefabInternal: {fileID: 100100000}
  m_GameObject: {fileID: 100020}
  m_LocalRotation: {x: 1.32771296e-08, y: 4.19518553e-09, z: 2.09950057e-09, w: 1}
  m_LocalPosition: {x: -.0305207204, y: -1.45513579e-09, z: -1.0307275e-08}
  m_LocalScale: {x: 1, y: 1, z: .99999994}
  m_Children: []
  m_Father: {fileID: 400014}
  m_RootOrder: 0
--- !u!4 &400018
Transform:
  m_ObjectHideFlags: 1
  m_PrefabParentObject: {fileID: 0}
  m_PrefabInternal: {fileID: 100100000}
  m_GameObject: {fileID: 100022}
  m_LocalRotation: {x: -.000398061005, y: -8.13779388e-06, z: -.0204320606, w: .999791205}
  m_LocalPosition: {x: -.0809321254, y: .000552473706, z: -.0211966317}
  m_LocalScale: {x: .99999994, y: .99999994, z: .99999994}
  m_Children:
  - {fileID: 400020}
  m_Father: {fileID: 400050}
  m_RootOrder: 1
--- !u!4 &400020
Transform:
  m_ObjectHideFlags: 1
  m_PrefabParentObject: {fileID: 0}
  m_PrefabInternal: {fileID: 100100000}
  m_GameObject: {fileID: 100024}
  m_LocalRotation: {x: -4.96905406e-10, y: -3.04423209e-10, z: -1.0151413e-09, w: 1}
  m_LocalPosition: {x: -.0351902358, y: -7.45483053e-09, z: -6.22872243e-09}
  m_LocalScale: {x: 1, y: 1, z: 1}
  m_Children:
  - {fileID: 400022}
  m_Father: {fileID: 400018}
  m_RootOrder: 0
--- !u!4 &400022
Transform:
  m_ObjectHideFlags: 1
  m_PrefabParentObject: {fileID: 0}
  m_PrefabInternal: {fileID: 100100000}
  m_GameObject: {fileID: 100026}
  m_LocalRotation: {x: -4.96905406e-10, y: -3.04423209e-10, z: -1.0151413e-09, w: 1}
  m_LocalPosition: {x: -.0431124642, y: 1.68776304e-09, z: -7.32441974e-09}
  m_LocalScale: {x: 1, y: 1, z: 1}
  m_Children: []
  m_Father: {fileID: 400020}
  m_RootOrder: 0
--- !u!4 &400024
Transform:
  m_ObjectHideFlags: 1
  m_PrefabParentObject: {fileID: 0}
  m_PrefabInternal: {fileID: 100100000}
  m_GameObject: {fileID: 100028}
  m_LocalRotation: {x: -.000397924392, y: -1.3412181e-05, z: -.0336799659, w: .999432623}
  m_LocalPosition: {x: -.0820593312, y: .000703802682, z: -.0031366928}
  m_LocalScale: {x: .99999994, y: .999999881, z: .99999994}
  m_Children:
  - {fileID: 400026}
  m_Father: {fileID: 400050}
  m_RootOrder: 2
--- !u!4 &400026
Transform:
  m_ObjectHideFlags: 1
  m_PrefabParentObject: {fileID: 0}
  m_PrefabInternal: {fileID: 100100000}
  m_GameObject: {fileID: 100030}
  m_LocalRotation: {x: -6.67325706e-09, y: -3.38880701e-10, z: -4.24490776e-10, w: 1}
  m_LocalPosition: {x: -.0375897139, y: -3.3407892e-09, z: 1.19226415e-08}
  m_LocalScale: {x: 1, y: 1, z: 1}
  m_Children:
  - {fileID: 400028}
  m_Father: {fileID: 400024}
  m_RootOrder: 0
--- !u!4 &400028
Transform:
  m_ObjectHideFlags: 1
  m_PrefabParentObject: {fileID: 0}
  m_PrefabInternal: {fileID: 100100000}
  m_GameObject: {fileID: 100032}
  m_LocalRotation: {x: -6.67325706e-09, y: -3.38880701e-10, z: -4.24490776e-10, w: 1}
  m_LocalPosition: {x: -.0451532118, y: 2.21315144e-09, z: 1.36584966e-08}
  m_LocalScale: {x: 1, y: 1, z: 1}
  m_Children: []
  m_Father: {fileID: 400026}
  m_RootOrder: 0
--- !u!4 &400030
Transform:
  m_ObjectHideFlags: 1
  m_PrefabParentObject: {fileID: 0}
  m_PrefabInternal: {fileID: 100100000}
  m_GameObject: {fileID: 100034}
  m_LocalRotation: {x: -.000398091826, y: -6.85974646e-06, z: -.0172249768, w: .999851584}
  m_LocalPosition: {x: -.0795374364, y: .000547512842, z: .0152420616}
  m_LocalScale: {x: 1, y: 1, z: .99999994}
  m_Children:
  - {fileID: 400032}
  m_Father: {fileID: 400050}
  m_RootOrder: 3
--- !u!4 &400032
Transform:
  m_ObjectHideFlags: 1
  m_PrefabParentObject: {fileID: 0}
  m_PrefabInternal: {fileID: 100100000}
  m_GameObject: {fileID: 100036}
  m_LocalRotation: {x: 7.02818514e-09, y: 7.34538763e-10, z: -8.52178106e-10, w: 1}
  m_LocalPosition: {x: -.0347573534, y: -1.84112947e-09, z: -1.41635603e-09}
  m_LocalScale: {x: 1, y: 1, z: 1}
  m_Children:
  - {fileID: 400034}
  m_Father: {fileID: 400030}
  m_RootOrder: 0
--- !u!4 &400034
Transform:
  m_ObjectHideFlags: 1
  m_PrefabParentObject: {fileID: 0}
  m_PrefabInternal: {fileID: 100100000}
  m_GameObject: {fileID: 100038}
  m_LocalRotation: {x: 7.02818514e-09, y: 7.34538763e-10, z: -8.52178106e-10, w: 1}
  m_LocalPosition: {x: -.0393759832, y: 7.25335514e-10, z: -5.7023013e-09}
  m_LocalScale: {x: 1, y: 1, z: 1}
  m_Children: []
  m_Father: {fileID: 400032}
  m_RootOrder: 0
--- !u!4 &400036
Transform:
  m_ObjectHideFlags: 1
  m_PrefabParentObject: {fileID: 0}
  m_PrefabInternal: {fileID: 100100000}
  m_GameObject: {fileID: 100040}
  m_LocalRotation: {x: -.000397651078, y: -1.96811652e-05, z: -.0494244359, w: .998777807}
  m_LocalPosition: {x: -.0748357773, y: .00156425848, z: .0302379075}
  m_LocalScale: {x: .99999994, y: .999999881, z: .99999994}
  m_Children:
  - {fileID: 400038}
  m_Father: {fileID: 400050}
  m_RootOrder: 4
--- !u!4 &400038
Transform:
  m_ObjectHideFlags: 1
  m_PrefabParentObject: {fileID: 0}
  m_PrefabInternal: {fileID: 100100000}
  m_GameObject: {fileID: 100042}
  m_LocalRotation: {x: 5.85372995e-09, y: -2.47734888e-10, z: 2.52593835e-10, w: 1}
  m_LocalPosition: {x: -.0254373159, y: 1.57056368e-09, z: 4.71457451e-09}
  m_LocalScale: {x: 1, y: 1, z: 1}
  m_Children:
  - {fileID: 400040}
  m_Father: {fileID: 400036}
  m_RootOrder: 0
--- !u!4 &400040
Transform:
  m_ObjectHideFlags: 1
  m_PrefabParentObject: {fileID: 0}
  m_PrefabInternal: {fileID: 100100000}
  m_GameObject: {fileID: 100044}
  m_LocalRotation: {x: 5.85372995e-09, y: -2.47734888e-10, z: 2.52593835e-10, w: 1}
  m_LocalPosition: {x: -.0365106799, y: 4.27304458e-09, z: 1.34955658e-10}
  m_LocalScale: {x: 1, y: 1, z: 1}
  m_Children: []
  m_Father: {fileID: 400038}
  m_RootOrder: 0
--- !u!4 &400042
Transform:
  m_ObjectHideFlags: 1
  m_PrefabParentObject: {fileID: 0}
  m_PrefabInternal: {fileID: 100100000}
  m_GameObject: {fileID: 100046}
  m_LocalRotation: {x: -.00306385523, y: -.0115909344, z: -.140815496, w: .989963293}
  m_LocalPosition: {x: -.415901899, y: 2.84397372e-09, z: 2.10352802e-09}
  m_LocalScale: {x: .99999994, y: .99999994, z: 1}
  m_Children:
  - {fileID: 400054}
  m_Father: {fileID: 400008}
  m_RootOrder: 0
--- !u!4 &400044
Transform:
  m_ObjectHideFlags: 1
  m_PrefabParentObject: {fileID: 0}
  m_PrefabInternal: {fileID: 100100000}
  m_GameObject: {fileID: 100048}
  m_LocalRotation: {x: 2.08270841e-08, y: -4.07888869e-08, z: .514176011, w: .857684731}
  m_LocalPosition: {x: -.234131813, y: 7.40191775e-09, z: -6.80522971e-09}
  m_LocalScale: {x: 1, y: 1, z: 1}
  m_Children:
  - {fileID: 400046}
  - {fileID: 400050}
  m_Father: {fileID: 400058}
  m_RootOrder: 0
--- !u!4 &400046
Transform:
  m_ObjectHideFlags: 1
  m_PrefabParentObject: {fileID: 0}
  m_PrefabInternal: {fileID: 100100000}
  m_GameObject: {fileID: 100050}
  m_LocalRotation: {x: -.110227667, y: -3.00249092e-09, z: -8.33511205e-10, w: .993906379}
  m_LocalPosition: {x: -2.14861262e-09, y: 4.75118211e-09, z: -4.87733987e-09}
  m_LocalScale: {x: 1, y: 1, z: 1}
  m_Children:
  - {fileID: 400048}
  m_Father: {fileID: 400044}
  m_RootOrder: 0
--- !u!4 &400048
Transform:
  m_ObjectHideFlags: 1
  m_PrefabParentObject: {fileID: 0}
  m_PrefabInternal: {fileID: 100100000}
  m_GameObject: {fileID: 100052}
  m_LocalRotation: {x: -.110227659, y: 9.13932308e-09, z: -3.99331634e-09, w: .993906379}
  m_LocalPosition: {x: -.151173219, y: -2.65087063e-09, z: -2.02874184e-09}
  m_LocalScale: {x: 1, y: 1, z: 1}
  m_Children: []
  m_Father: {fileID: 400046}
  m_RootOrder: 0
--- !u!4 &400050
Transform:
  m_ObjectHideFlags: 1
  m_PrefabParentObject: {fileID: 0}
  m_PrefabInternal: {fileID: 100100000}
  m_GameObject: {fileID: 100054}
  m_LocalRotation: {x: .874981403, y: .235824019, z: .42113474, w: -.0379488617}
  m_LocalPosition: {x: -.302346438, y: -1.5413204e-09, z: -1.52758073e-08}
  m_LocalScale: {x: 1, y: 1.00000012, z: 1}
  m_Children:
  - {fileID: 400012}
  - {fileID: 400018}
  - {fileID: 400024}
  - {fileID: 400030}
  - {fileID: 400036}
  - {fileID: 400120}
  m_Father: {fileID: 400044}
  m_RootOrder: 1
--- !u!4 &400052
Transform:
  m_ObjectHideFlags: 1
  m_PrefabParentObject: {fileID: 0}
  m_PrefabInternal: {fileID: 100100000}
  m_GameObject: {fileID: 100056}
  m_LocalRotation: {x: -.0754768252, y: .997075498, z: -.00144430262, w: -.011901415}
  m_LocalPosition: {x: .0778191313, y: .00375315244, z: .0831804052}
  m_LocalScale: {x: .99999994, y: .99999994, z: 1}
  m_Children:
  - {fileID: 400008}
  m_Father: {fileID: 400116}
  m_RootOrder: 0
--- !u!4 &400054
Transform:
  m_ObjectHideFlags: 1
  m_PrefabParentObject: {fileID: 0}
  m_PrefabInternal: {fileID: 100100000}
  m_GameObject: {fileID: 100058}
  m_LocalRotation: {x: 1.55248916e-08, y: -1.55248756e-08, z: -.707106829, w: .707106829}
  m_LocalPosition: {x: -.103061303, y: .156927079, z: 5.44725376e-10}
  m_LocalScale: {x: .999999881, y: .99999994, z: 1}
  m_Children:
  - {fileID: 400056}
  m_Father: {fileID: 400042}
  m_RootOrder: 0
--- !u!4 &400056
Transform:
  m_ObjectHideFlags: 1
  m_PrefabParentObject: {fileID: 0}
  m_PrefabInternal: {fileID: 100100000}
  m_GameObject: {fileID: 100060}
  m_LocalRotation: {x: -3.04800677e-15, y: -7.04320421e-11, z: 1, w: 6.12323426e-17}
  m_LocalPosition: {x: -.0610380061, y: 4.33283951e-08, z: -1.56483893e-09}
  m_LocalScale: {x: -1, y: -1, z: -1}
  m_Children: []
  m_Father: {fileID: 400054}
  m_RootOrder: 0
--- !u!4 &400058
Transform:
  m_ObjectHideFlags: 1
  m_PrefabParentObject: {fileID: 0}
  m_PrefabInternal: {fileID: 100100000}
  m_GameObject: {fileID: 100062}
  m_LocalRotation: {x: .179755673, y: -.580492437, z: .306496173, w: .73265034}
  m_LocalPosition: {x: -.108134471, y: 7.81544385e-10, z: -1.28646933e-08}
  m_LocalScale: {x: .99999994, y: .99999994, z: .99999994}
  m_Children:
  - {fileID: 400044}
  m_Father: {fileID: 400010}
  m_RootOrder: 0
--- !u!4 &400060
Transform:
  m_ObjectHideFlags: 1
  m_PrefabParentObject: {fileID: 0}
  m_PrefabInternal: {fileID: 100100000}
  m_GameObject: {fileID: 100064}
  m_LocalRotation: {x: -5.09179053e-11, y: 4.81827897e-07, z: -.173648268, w: .984807789}
  m_LocalPosition: {x: -.244451016, y: -.0132559678, z: -2.29391954e-08}
  m_LocalScale: {x: 1.00000012, y: 1, z: 1}
  m_Children:
  - {fileID: 400004}
  - {fileID: 400010}
  - {fileID: 400066}
  m_Father: {fileID: 400118}
  m_RootOrder: 0
--- !u!4 &400062
Transform:
  m_ObjectHideFlags: 1
  m_PrefabParentObject: {fileID: 0}
  m_PrefabInternal: {fileID: 100100000}
  m_GameObject: {fileID: 100066}
  m_LocalRotation: {x: -.499999672, y: .500000358, z: .499999672, w: .500000358}
  m_LocalPosition: {x: -0, y: 0, z: 0}
  m_LocalScale: {x: 1, y: 1, z: 1}
  m_Children:
  - {fileID: 400116}
  m_Father: {fileID: 400000}
  m_RootOrder: 0
--- !u!4 &400064
Transform:
  m_ObjectHideFlags: 1
  m_PrefabParentObject: {fileID: 0}
  m_PrefabInternal: {fileID: 100100000}
  m_GameObject: {fileID: 100068}
  m_LocalRotation: {x: -3.34716754e-10, y: 7.08252831e-11, z: .0633299574, w: .997992635}
  m_LocalPosition: {x: -.467601508, y: 6.81975865e-10, z: 1.91856286e-09}
  m_LocalScale: {x: 1.00000012, y: 1.00000012, z: 1}
  m_Children:
  - {fileID: 400098}
  m_Father: {fileID: 400108}
  m_RootOrder: 0
--- !u!4 &400066
Transform:
  m_ObjectHideFlags: 1
  m_PrefabParentObject: {fileID: 0}
  m_PrefabInternal: {fileID: 100100000}
  m_GameObject: {fileID: 100070}
  m_LocalRotation: {x: .689955592, y: .154792815, z: .701216757, w: -.0910797417}
  m_LocalPosition: {x: .0230644625, y: .000669081812, z: -.0654685795}
  m_LocalScale: {x: 1, y: .999999881, z: .999999881}
  m_Children:
  - {fileID: 400114}
  m_Father: {fileID: 400060}
  m_RootOrder: 2
--- !u!4 &400068
Transform:
  m_ObjectHideFlags: 1
  m_PrefabParentObject: {fileID: 0}
  m_PrefabInternal: {fileID: 100100000}
  m_GameObject: {fileID: 100072}
  m_LocalRotation: {x: -.748266876, y: .19153358, z: -.12340951, w: .623042285}
  m_LocalPosition: {x: -.016920913, y: .0119008143, z: .0268733669}
  m_LocalScale: {x: 1.00000012, y: .999999881, z: .999999881}
  m_Children:
  - {fileID: 400070}
  m_Father: {fileID: 400106}
  m_RootOrder: 0
--- !u!4 &400070
Transform:
  m_ObjectHideFlags: 1
  m_PrefabParentObject: {fileID: 0}
  m_PrefabInternal: {fileID: 100100000}
  m_GameObject: {fileID: 100074}
  m_LocalRotation: {x: -9.09553233e-09, y: 5.59388669e-09, z: -.342897803, w: .939372718}
  m_LocalPosition: {x: -.0528957881, y: 2.45343235e-09, z: 1.55305657e-09}
  m_LocalScale: {x: 1, y: 1, z: 1.00000012}
  m_Children:
  - {fileID: 400072}
  m_Father: {fileID: 400068}
  m_RootOrder: 0
--- !u!4 &400072
Transform:
  m_ObjectHideFlags: 1
  m_PrefabParentObject: {fileID: 0}
  m_PrefabInternal: {fileID: 100100000}
  m_GameObject: {fileID: 100076}
  m_LocalRotation: {x: -2.0896409e-09, y: 7.87198751e-09, z: 1, w: -4.47827113e-17}
  m_LocalPosition: {x: -.0305207055, y: -4.52481297e-09, z: -2.99716629e-09}
  m_LocalScale: {x: -1, y: -1, z: -1}
  m_Children: []
  m_Father: {fileID: 400070}
  m_RootOrder: 0
--- !u!4 &400074
Transform:
  m_ObjectHideFlags: 1
  m_PrefabParentObject: {fileID: 0}
  m_PrefabInternal: {fileID: 100100000}
  m_GameObject: {fileID: 100078}
  m_LocalRotation: {x: .000398074335, y: 8.12402232e-06, z: -.0204320401, w: .999791205}
  m_LocalPosition: {x: -.0809321254, y: .000552465557, z: .0211966299}
  m_LocalScale: {x: 1, y: 1, z: .99999994}
  m_Children:
  - {fileID: 400076}
  m_Father: {fileID: 400106}
  m_RootOrder: 1
--- !u!4 &400076
Transform:
  m_ObjectHideFlags: 1
  m_PrefabParentObject: {fileID: 0}
  m_PrefabInternal: {fileID: 100100000}
  m_GameObject: {fileID: 100080}
  m_LocalRotation: {x: 5.93299188e-09, y: -1.16132153e-08, z: 2.38005948e-10, w: 1}
  m_LocalPosition: {x: -.0351902321, y: 4.29856817e-09, z: 1.89655203e-09}
  m_LocalScale: {x: 1, y: 1, z: 1}
  m_Children:
  - {fileID: 400078}
  m_Father: {fileID: 400074}
  m_RootOrder: 0
--- !u!4 &400078
Transform:
  m_ObjectHideFlags: 1
  m_PrefabParentObject: {fileID: 0}
  m_PrefabInternal: {fileID: 100100000}
  m_GameObject: {fileID: 100082}
  m_LocalRotation: {x: -1.16132153e-08, y: -5.93299188e-09, z: 1, w: -1.30133444e-16}
  m_LocalPosition: {x: -.0431124642, y: -5.40075185e-09, z: -1.10979559e-09}
  m_LocalScale: {x: -1, y: -1, z: -1}
  m_Children: []
  m_Father: {fileID: 400076}
  m_RootOrder: 0
--- !u!4 &400080
Transform:
  m_ObjectHideFlags: 1
  m_PrefabParentObject: {fileID: 0}
  m_PrefabInternal: {fileID: 100100000}
  m_GameObject: {fileID: 100084}
  m_LocalRotation: {x: .000310783129, y: .000248878845, z: -.625107765, w: .78053838}
  m_LocalPosition: {x: -.0820593312, y: .000703798083, z: .00313669071}
  m_LocalScale: {x: .999999881, y: 1, z: .99999994}
  m_Children:
  - {fileID: 400082}
  m_Father: {fileID: 400106}
  m_RootOrder: 2
--- !u!4 &400082
Transform:
  m_ObjectHideFlags: 1
  m_PrefabParentObject: {fileID: 0}
  m_PrefabInternal: {fileID: 100100000}
  m_GameObject: {fileID: 100086}
  m_LocalRotation: {x: 1.75253092e-08, y: -5.15675413e-09, z: -.598464668, w: .801149189}
  m_LocalPosition: {x: -.0375897065, y: 2.79017387e-09, z: -4.12951007e-09}
  m_LocalScale: {x: 1, y: 1, z: 1}
  m_Children:
  - {fileID: 400084}
  m_Father: {fileID: 400080}
  m_RootOrder: 0
--- !u!4 &400084
Transform:
  m_ObjectHideFlags: 1
  m_PrefabParentObject: {fileID: 0}
  m_PrefabInternal: {fileID: 100100000}
  m_GameObject: {fileID: 100088}
  m_LocalRotation: {x: -6.70040468e-09, y: 6.68920874e-09, z: 1, w: -1.6411935e-17}
  m_LocalPosition: {x: -.0451532193, y: 5.51518831e-09, z: 2.23525531e-09}
  m_LocalScale: {x: -1, y: -1, z: -1}
  m_Children: []
  m_Father: {fileID: 400082}
  m_RootOrder: 0
--- !u!4 &400086
Transform:
  m_ObjectHideFlags: 1
  m_PrefabParentObject: {fileID: 0}
  m_PrefabInternal: {fileID: 100100000}
  m_GameObject: {fileID: 100090}
  m_LocalRotation: {x: .000314819103, y: .000243736999, z: -.612175584, w: .790721774}
  m_LocalPosition: {x: -.0795374364, y: .000547505508, z: -.0152420597}
  m_LocalScale: {x: 1, y: 1.00000012, z: .99999994}
  m_Children:
  - {fileID: 400088}
  m_Father: {fileID: 400106}
  m_RootOrder: 3
--- !u!4 &400088
Transform:
  m_ObjectHideFlags: 1
  m_PrefabParentObject: {fileID: 0}
  m_PrefabInternal: {fileID: 100100000}
  m_GameObject: {fileID: 100092}
  m_LocalRotation: {x: 4.70947681e-09, y: 1.16777805e-08, z: -.598464668, w: .801149189}
  m_LocalPosition: {x: -.0347573571, y: 4.72524198e-09, z: 1.46593948e-09}
  m_LocalScale: {x: .99999994, y: 1, z: 1}
  m_Children:
  - {fileID: 400090}
  m_Father: {fileID: 400086}
  m_RootOrder: 0
--- !u!4 &400090
Transform:
  m_ObjectHideFlags: 1
  m_PrefabParentObject: {fileID: 0}
  m_PrefabInternal: {fileID: 100100000}
  m_GameObject: {fileID: 100094}
  m_LocalRotation: {x: 1.21741e-08, y: 3.21574589e-09, z: 1, w: -1.00381153e-16}
  m_LocalPosition: {x: -.0393759683, y: 3.63318153e-09, z: -1.87109883e-09}
  m_LocalScale: {x: -1, y: -1, z: -1}
  m_Children: []
  m_Father: {fileID: 400088}
  m_RootOrder: 0
--- !u!4 &400092
Transform:
  m_ObjectHideFlags: 1
  m_PrefabParentObject: {fileID: 0}
  m_PrefabInternal: {fileID: 100100000}
  m_GameObject: {fileID: 100096}
  m_LocalRotation: {x: .000306804111, y: .00025375557, z: -.637329578, w: .770591319}
  m_LocalPosition: {x: -.0748357698, y: .00156422809, z: -.0302379057}
  m_LocalScale: {x: .999999881, y: .99999994, z: .99999994}
  m_Children:
  - {fileID: 400094}
  m_Father: {fileID: 400106}
  m_RootOrder: 4
--- !u!4 &400094
Transform:
  m_ObjectHideFlags: 1
  m_PrefabParentObject: {fileID: 0}
  m_PrefabInternal: {fileID: 100100000}
  m_GameObject: {fileID: 100098}
  m_LocalRotation: {x: 5.08608311e-09, y: 9.96363081e-09, z: -.598464668, w: .801149189}
  m_LocalPosition: {x: -.0254373308, y: 3.7014134e-09, z: 4.17413037e-09}
  m_LocalScale: {x: 1, y: .99999994, z: 1}
  m_Children:
  - {fileID: 400096}
  m_Father: {fileID: 400092}
  m_RootOrder: 0
--- !u!4 &400096
Transform:
  m_ObjectHideFlags: 1
  m_PrefabParentObject: {fileID: 0}
  m_PrefabInternal: {fileID: 100100000}
  m_GameObject: {fileID: 100100}
  m_LocalRotation: {x: -1.41293788e-09, y: -1.94424832e-09, z: 1, w: 5.84852361e-17}
  m_LocalPosition: {x: -.0365106687, y: -4.16825419e-09, z: -1.06024958e-08}
  m_LocalScale: {x: -.99999994, y: -.99999994, z: -.99999994}
  m_Children: []
  m_Father: {fileID: 400094}
  m_RootOrder: 0
--- !u!4 &400098
Transform:
  m_ObjectHideFlags: 1
  m_PrefabParentObject: {fileID: 0}
  m_PrefabInternal: {fileID: 100100000}
  m_GameObject: {fileID: 100102}
  m_LocalRotation: {x: -.00154448312, y: .0111028645, z: -.0816087499, w: .996601403}
  m_LocalPosition: {x: -.415901929, y: -2.12967888e-09, z: 3.05470471e-09}
  m_LocalScale: {x: .999999881, y: .99999994, z: .99999994}
  m_Children:
  - {fileID: 400110}
  m_Father: {fileID: 400064}
  m_RootOrder: 0
--- !u!4 &400100
Transform:
  m_ObjectHideFlags: 1
  m_PrefabParentObject: {fileID: 0}
  m_PrefabInternal: {fileID: 100100000}
  m_GameObject: {fileID: 100104}
  m_LocalRotation: {x: -3.29264189e-08, y: 2.22676864e-08, z: .782231152, w: .622988403}
  m_LocalPosition: {x: -.234131828, y: 4.75211037e-10, z: 2.97305985e-10}
  m_LocalScale: {x: 1, y: 1, z: 1}
  m_Children:
  - {fileID: 400102}
  - {fileID: 400106}
  m_Father: {fileID: 400114}
  m_RootOrder: 0
--- !u!4 &400102
Transform:
  m_ObjectHideFlags: 1
  m_PrefabParentObject: {fileID: 0}
  m_PrefabInternal: {fileID: 100100000}
  m_GameObject: {fileID: 100106}
  m_LocalRotation: {x: -.132830784, y: 1.48806949e-08, z: -1.80719426e-10, w: .991138756}
  m_LocalPosition: {x: 3.35387251e-09, y: 1.46575274e-09, z: -7.32408845e-09}
  m_LocalScale: {x: 1, y: 1, z: 1}
  m_Children:
  - {fileID: 400104}
  m_Father: {fileID: 400100}
  m_RootOrder: 0
--- !u!4 &400104
Transform:
  m_ObjectHideFlags: 1
  m_PrefabParentObject: {fileID: 0}
  m_PrefabInternal: {fileID: 100100000}
  m_GameObject: {fileID: 100108}
  m_LocalRotation: {x: -.132830799, y: -9.8766364e-09, z: 1.38909924e-08, w: .991138756}
  m_LocalPosition: {x: -.151173234, y: 3.06025227e-09, z: -9.6571382e-09}
  m_LocalScale: {x: 1, y: .99999994, z: .99999994}
  m_Children: []
  m_Father: {fileID: 400102}
  m_RootOrder: 0
--- !u!4 &400106
Transform:
  m_ObjectHideFlags: 1
  m_PrefabParentObject: {fileID: 0}
  m_PrefabInternal: {fileID: 100100000}
  m_GameObject: {fileID: 100110}
  m_LocalRotation: {x: .392376751, y: .0104158539, z: -.356333375, w: .847914219}
  m_LocalPosition: {x: -.302346498, y: 2.76901773e-08, z: -3.08394665e-09}
  m_LocalScale: {x: 1, y: 1.00000012, z: 1}
  m_Children:
  - {fileID: 400068}
  - {fileID: 400074}
  - {fileID: 400080}
  - {fileID: 400086}
  - {fileID: 400092}
  m_Father: {fileID: 400100}
  m_RootOrder: 1
--- !u!4 &400108
Transform:
  m_ObjectHideFlags: 1
  m_PrefabParentObject: {fileID: 0}
  m_PrefabInternal: {fileID: 100100000}
  m_GameObject: {fileID: 100112}
  m_LocalRotation: {x: -.021333091, y: .999709606, z: -.00180545775, w: .0110631408}
  m_LocalPosition: {x: .0778191313, y: .00375361368, z: -.0831803754}
  m_LocalScale: {x: .99999994, y: .99999994, z: 1}
  m_Children:
  - {fileID: 400064}
  m_Father: {fileID: 400116}
  m_RootOrder: 1
--- !u!4 &400110
Transform:
  m_ObjectHideFlags: 1
  m_PrefabParentObject: {fileID: 0}
  m_PrefabInternal: {fileID: 100100000}
  m_GameObject: {fileID: 100114}
  m_LocalRotation: {x: -1.5551965e-08, y: 1.55518993e-08, z: -.707106829, w: .707106829}
  m_LocalPosition: {x: -.103061289, y: .156927079, z: 8.51299101e-11}
  m_LocalScale: {x: .99999994, y: 1, z: 1}
  m_Children:
  - {fileID: 400112}
  m_Father: {fileID: 400098}
  m_RootOrder: 0
--- !u!4 &400112
Transform:
  m_ObjectHideFlags: 1
  m_PrefabParentObject: {fileID: 0}
  m_PrefabInternal: {fileID: 100100000}
  m_GameObject: {fileID: 100116}
  m_LocalRotation: {x: -1.08684055e-10, y: -3.26032434e-14, z: 6.02235301e-15, w: 1}
  m_LocalPosition: {x: -.0610380024, y: 3.55437422e-08, z: -1.50652413e-09}
  m_LocalScale: {x: .99999994, y: 1, z: 1}
  m_Children: []
  m_Father: {fileID: 400110}
  m_RootOrder: 0
--- !u!4 &400114
Transform:
  m_ObjectHideFlags: 1
  m_PrefabParentObject: {fileID: 0}
  m_PrefabInternal: {fileID: 100100000}
  m_GameObject: {fileID: 100118}
  m_LocalRotation: {x: -.241004616, y: .544465721, z: .276996613, w: .754153073}
  m_LocalPosition: {x: -.108134471, y: 1.69451109e-09, z: -1.51605128e-08}
  m_LocalScale: {x: 1, y: 1, z: 1}
  m_Children:
  - {fileID: 400100}
  m_Father: {fileID: 400066}
  m_RootOrder: 0
--- !u!4 &400116
Transform:
  m_ObjectHideFlags: 1
  m_PrefabParentObject: {fileID: 0}
  m_PrefabInternal: {fileID: 100100000}
  m_GameObject: {fileID: 100120}
  m_LocalRotation: {x: -2.10585222e-06, y: 7.20262562e-07, z: -.0396576822, w: .999213338}
  m_LocalPosition: {x: -.0778718293, y: .00242582057, z: 1.02047551e-07}
  m_LocalScale: {x: 1, y: 1, z: 1}
  m_Children:
  - {fileID: 400052}
  - {fileID: 400108}
  - {fileID: 400118}
  m_Father: {fileID: 400062}
  m_RootOrder: 0
--- !u!4 &400118
Transform:
  m_ObjectHideFlags: 1
  m_PrefabParentObject: {fileID: 0}
  m_PrefabInternal: {fileID: 100100000}
  m_GameObject: {fileID: 100122}
  m_LocalRotation: {x: 1.90260186e-11, y: -3.00182933e-07, z: .108193547, w: .994129896}
  m_LocalPosition: {x: -.147644415, y: -.000181178868, z: -3.25155791e-10}
  m_LocalScale: {x: .99999994, y: .99999994, z: .99999994}
  m_Children:
  - {fileID: 400060}
  m_Father: {fileID: 400116}
  m_RootOrder: 2
--- !u!4 &400120
Transform:
  m_ObjectHideFlags: 1
  m_PrefabParentObject: {fileID: 0}
  m_PrefabInternal: {fileID: 100100000}
  m_GameObject: {fileID: 100124}
  m_LocalRotation: {x: -.455970228, y: -.538783431, z: -.44863534, w: .548206091}
  m_LocalPosition: {x: -.0704902634, y: .0163639598, z: .0282615758}
  m_LocalScale: {x: .999999821, y: .999999702, z: 1.00000024}
  m_Children:
  - {fileID: 400122}
  - {fileID: 400126}
  m_Father: {fileID: 400050}
  m_RootOrder: 5
--- !u!4 &400122
Transform:
  m_ObjectHideFlags: 1
  m_PrefabParentObject: {fileID: 0}
  m_PrefabInternal: {fileID: 100100000}
  m_GameObject: {fileID: 100126}
  m_LocalRotation: {x: .18594034, y: .18594034, z: -.682221532, w: .682221532}
  m_LocalPosition: {x: -.0414746627, y: 2.19683693e-09, z: -7.28836635e-09}
  m_LocalScale: {x: 1.00000012, y: 1, z: 1}
  m_Children:
  - {fileID: 400124}
  m_Father: {fileID: 400120}
  m_RootOrder: 0
--- !u!4 &400124
Transform:
  m_ObjectHideFlags: 1
  m_PrefabParentObject: {fileID: 0}
  m_PrefabInternal: {fileID: 100100000}
  m_GameObject: {fileID: 100128}
  m_LocalRotation: {x: -6.20104412e-10, y: -4.94864993e-09, z: -9.36614981e-08, w: 1}
  m_LocalPosition: {x: -.168202758, y: 8.76211637e-09, z: -8.01607003e-10}
  m_LocalScale: {x: 1.00000012, y: 1, z: 1}
  m_Children: []
  m_Father: {fileID: 400122}
  m_RootOrder: 0
--- !u!4 &400126
Transform:
  m_ObjectHideFlags: 1
  m_PrefabParentObject: {fileID: 0}
  m_PrefabInternal: {fileID: 100100000}
  m_GameObject: {fileID: 100130}
  m_LocalRotation: {x: -.18594037, y: .18594034, z: .682221591, w: .682221532}
  m_LocalPosition: {x: -.0414746627, y: 2.19683693e-09, z: -7.28836635e-09}
  m_LocalScale: {x: 1.00000012, y: .99999994, z: 1}
  m_Children:
  - {fileID: 400128}
  m_Father: {fileID: 400120}
  m_RootOrder: 1
--- !u!4 &400128
Transform:
  m_ObjectHideFlags: 1
  m_PrefabParentObject: {fileID: 0}
  m_PrefabInternal: {fileID: 100100000}
  m_GameObject: {fileID: 100132}
  m_LocalRotation: {x: 3.92291577e-09, y: 8.82632745e-10, z: 1.24527999e-09, w: 1}
  m_LocalPosition: {x: -.17004618, y: -2.8054691e-08, z: -3.75390385e-09}
  m_LocalScale: {x: 1, y: 1, z: .99999994}
  m_Children: []
  m_Father: {fileID: 400126}
  m_RootOrder: 0
--- !u!4 &400130
Transform:
  m_ObjectHideFlags: 1
  m_PrefabParentObject: {fileID: 0}
  m_PrefabInternal: {fileID: 100100000}
  m_GameObject: {fileID: 100000}
  m_LocalRotation: {x: 0, y: 0, z: 0, w: 1}
  m_LocalPosition: {x: 0, y: 0, z: 0}
  m_LocalScale: {x: 1, y: 1, z: 1}
  m_Children:
  - {fileID: 400000}
  - {fileID: 400002}
  - {fileID: 400132}
  m_Father: {fileID: 0}
  m_RootOrder: 0
--- !u!4 &400132
Transform:
  m_ObjectHideFlags: 1
  m_PrefabParentObject: {fileID: 0}
  m_PrefabInternal: {fileID: 100100000}
  m_GameObject: {fileID: 100006}
  m_LocalRotation: {x: -.707106829, y: 0, z: -0, w: .707106829}
  m_LocalPosition: {x: 0, y: 0, z: .0173442941}
  m_LocalScale: {x: 1, y: 1, z: 1}
  m_Children: []
  m_Father: {fileID: 400130}
  m_RootOrder: 2
--- !u!4 &400134
Transform:
  m_ObjectHideFlags: 1
  m_PrefabParentObject: {fileID: 0}
  m_PrefabInternal: {fileID: 100100000}
  m_GameObject: {fileID: 100134}
  m_LocalRotation: {x: -.0726079196, y: -.0575681441, z: -.845684171, w: .525578082}
  m_LocalPosition: {x: .00923301745, y: -.00831130054, z: .126705304}
  m_LocalScale: {x: 1.00000036, y: .999999702, z: .999999821}
  m_Children:
  - {fileID: 400136}
  m_Father: {fileID: 400164}
  m_RootOrder: 0
--- !u!4 &400136
Transform:
  m_ObjectHideFlags: 1
  m_PrefabParentObject: {fileID: 0}
  m_PrefabInternal: {fileID: 100100000}
  m_GameObject: {fileID: 100136}
  m_LocalRotation: {x: -.00357168145, y: .0660294816, z: .0478699766, w: .996662378}
  m_LocalPosition: {x: -.051264856, y: 8.96275694e-08, z: -8.39002556e-09}
  m_LocalScale: {x: 1, y: 1, z: 1.00000012}
  m_Children: []
  m_Father: {fileID: 400134}
  m_RootOrder: 0
--- !u!4 &400138
Transform:
  m_ObjectHideFlags: 1
  m_PrefabParentObject: {fileID: 0}
  m_PrefabInternal: {fileID: 100100000}
  m_GameObject: {fileID: 100138}
  m_LocalRotation: {x: -.0573042147, y: -.0734462887, z: -.531634033, w: .841835558}
  m_LocalPosition: {x: -.00888342783, y: -.00831126701, z: .126705155}
  m_LocalScale: {x: 1, y: .999999821, z: 1}
  m_Children:
  - {fileID: 400140}
  m_Father: {fileID: 400164}
  m_RootOrder: 1
--- !u!4 &400140
Transform:
  m_ObjectHideFlags: 1
  m_PrefabParentObject: {fileID: 0}
  m_PrefabInternal: {fileID: 100100000}
  m_GameObject: {fileID: 100140}
  m_LocalRotation: {x: -.00357167213, y: .066029489, z: .0478699654, w: .996662378}
  m_LocalPosition: {x: -.0509126373, y: 8.70268906e-08, z: 1.01404902e-08}
  m_LocalScale: {x: 1.00000012, y: .99999994, z: 1}
  m_Children: []
  m_Father: {fileID: 400138}
  m_RootOrder: 0
--- !u!4 &400142
Transform:
  m_ObjectHideFlags: 1
  m_PrefabParentObject: {fileID: 0}
  m_PrefabInternal: {fileID: 100100000}
  m_GameObject: {fileID: 100142}
  m_LocalRotation: {x: .526015043, y: -.472553402, z: .526017308, w: -.472553939}
  m_LocalPosition: {x: .0336903073, y: .0158300158, z: .105530858}
  m_LocalScale: {x: .999999642, y: .999999702, z: .99999994}
  m_Children:
  - {fileID: 400144}
  m_Father: {fileID: 400164}
  m_RootOrder: 2
--- !u!4 &400144
Transform:
  m_ObjectHideFlags: 1
  m_PrefabParentObject: {fileID: 0}
  m_PrefabInternal: {fileID: 100100000}
  m_GameObject: {fileID: 100144}
  m_LocalRotation: {x: 1.26543966e-11, y: 1.66210684e-10, z: .0250526257, w: .999686122}
  m_LocalPosition: {x: -.0172835514, y: -9.72783951e-08, z: -3.15685744e-09}
  m_LocalScale: {x: 1.00000012, y: 1, z: 1}
  m_Children: []
  m_Father: {fileID: 400142}
  m_RootOrder: 0
--- !u!4 &400146
Transform:
  m_ObjectHideFlags: 1
  m_PrefabParentObject: {fileID: 0}
  m_PrefabInternal: {fileID: 100100000}
  m_GameObject: {fileID: 100146}
  m_LocalRotation: {x: .525913298, y: -.472666621, z: .525915563, w: -.472667187}
  m_LocalPosition: {x: -.0334935263, y: .0158301666, z: .10553053}
  m_LocalScale: {x: .999999702, y: .999999762, z: .99999994}
  m_Children:
  - {fileID: 400148}
  m_Father: {fileID: 400164}
  m_RootOrder: 3
--- !u!4 &400148
Transform:
  m_ObjectHideFlags: 1
  m_PrefabParentObject: {fileID: 0}
  m_PrefabInternal: {fileID: 100100000}
  m_GameObject: {fileID: 100148}
  m_LocalRotation: {x: -5.58643201e-11, y: 2.09828349e-10, z: .0250526331, w: .999686122}
  m_LocalPosition: {x: -.0173524488, y: -7.2284088e-08, z: -1.84567561e-09}
  m_LocalScale: {x: 1, y: 1, z: 1}
  m_Children: []
  m_Father: {fileID: 400146}
  m_RootOrder: 0
--- !u!4 &400150
Transform:
  m_ObjectHideFlags: 1
  m_PrefabParentObject: {fileID: 0}
  m_PrefabInternal: {fileID: 100100000}
  m_GameObject: {fileID: 100150}
  m_LocalRotation: {x: .705038071, y: -.054041557, z: .705039382, w: -.054040242}
  m_LocalPosition: {x: .000176444009, y: -.0421912074, z: .0645080507}
  m_LocalScale: {x: .99999994, y: .999999881, z: .999999881}
  m_Children:
  - {fileID: 400152}
  m_Father: {fileID: 400164}
  m_RootOrder: 4
--- !u!4 &400152
Transform:
  m_ObjectHideFlags: 1
  m_PrefabParentObject: {fileID: 0}
  m_PrefabInternal: {fileID: 100100000}
  m_GameObject: {fileID: 100152}
  m_LocalRotation: {x: 3.18962634e-08, y: 2.07575752e-08, z: .546516657, w: .837448239}
  m_LocalPosition: {x: -.0424236394, y: -6.97151336e-07, z: 1.65784031e-09}
  m_LocalScale: {x: 1.00000012, y: 1.00000024, z: .999999881}
  m_Children:
  - {fileID: 400154}
  m_Father: {fileID: 400150}
  m_RootOrder: 0
--- !u!4 &400154
Transform:
  m_ObjectHideFlags: 1
  m_PrefabParentObject: {fileID: 0}
  m_PrefabInternal: {fileID: 100100000}
  m_GameObject: {fileID: 100154}
  m_LocalRotation: {x: 2.65638067e-10, y: -7.78773313e-09, z: -3.70984417e-08, w: 1}
  m_LocalPosition: {x: -.0636821985, y: 2.89646948e-07, z: -4.83603324e-10}
  m_LocalScale: {x: .999999881, y: 1, z: 1}
  m_Children: []
  m_Father: {fileID: 400152}
  m_RootOrder: 0
--- !u!4 &400156
Transform:
  m_ObjectHideFlags: 1
  m_PrefabParentObject: {fileID: 0}
  m_PrefabInternal: {fileID: 100100000}
  m_GameObject: {fileID: 100156}
  m_LocalRotation: {x: -.470133007, y: .528179944, z: -.470134765, w: .528180122}
  m_LocalPosition: {x: .0334931538, y: .016026441, z: .104798876}
  m_LocalScale: {x: .99999994, y: .999999285, z: .999999881}
  m_Children:
  - {fileID: 400158}
  m_Father: {fileID: 400164}
  m_RootOrder: 5
--- !u!4 &400158
Transform:
  m_ObjectHideFlags: 1
  m_PrefabParentObject: {fileID: 0}
  m_PrefabInternal: {fileID: 100100000}
  m_GameObject: {fileID: 100158}
  m_LocalRotation: {x: 5.10349263e-10, y: -2.91991362e-11, z: -.0292689353, w: .999571562}
  m_LocalPosition: {x: -.0186884757, y: -4.91157664e-07, z: -1.92986338e-09}
  m_LocalScale: {x: 1.00000012, y: 1, z: 1}
  m_Children: []
  m_Father: {fileID: 400156}
  m_RootOrder: 0
--- !u!4 &400160
Transform:
  m_ObjectHideFlags: 1
  m_PrefabParentObject: {fileID: 0}
  m_PrefabInternal: {fileID: 100100000}
  m_GameObject: {fileID: 100160}
  m_LocalRotation: {x: -.470133007, y: .528179944, z: -.470134765, w: .528180122}
  m_LocalPosition: {x: -.0336906724, y: .0160265807, z: .104798585}
  m_LocalScale: {x: .99999994, y: .999999285, z: .999999881}
  m_Children:
  - {fileID: 400162}
  m_Father: {fileID: 400164}
  m_RootOrder: 6
--- !u!4 &400162
Transform:
  m_ObjectHideFlags: 1
  m_PrefabParentObject: {fileID: 0}
  m_PrefabInternal: {fileID: 100100000}
  m_GameObject: {fileID: 100162}
  m_LocalRotation: {x: 5.10349263e-10, y: -2.91991362e-11, z: -.0292689353, w: .999571562}
  m_LocalPosition: {x: -.018688485, y: -4.76662564e-07, z: 8.30935931e-10}
  m_LocalScale: {x: 1.00000012, y: 1, z: 1}
  m_Children: []
  m_Father: {fileID: 400160}
  m_RootOrder: 0
--- !u!4 &400164
Transform:
  m_ObjectHideFlags: 1
  m_PrefabParentObject: {fileID: 0}
  m_PrefabInternal: {fileID: 100100000}
  m_GameObject: {fileID: 100164}
  m_LocalRotation: {x: -1.34663558e-09, y: -.707106829, z: -1.34663558e-09, w: .707106829}
  m_LocalPosition: {x: .00100465759, y: .0783413574, z: -.000176420042}
  m_LocalScale: {x: .99999994, y: 1, z: 1}
  m_Children:
  - {fileID: 400134}
  - {fileID: 400138}
  - {fileID: 400142}
  - {fileID: 400146}
  - {fileID: 400150}
  - {fileID: 400156}
  - {fileID: 400160}
  m_Father: {fileID: 400004}
  m_RootOrder: 1
--- !u!111 &11100000
Animation:
  m_ObjectHideFlags: 1
  m_PrefabParentObject: {fileID: 0}
  m_PrefabInternal: {fileID: 100100000}
  m_GameObject: {fileID: 100000}
  m_Enabled: 1
  serializedVersion: 3
  m_Animation: {fileID: 7400000, guid: 7ea43bf0d31aced4287edba874e24a2b, type: 3}
  m_Animations:
  - {fileID: 7400000, guid: 7ea43bf0d31aced4287edba874e24a2b, type: 3}
  - {fileID: 7400002, guid: 7ea43bf0d31aced4287edba874e24a2b, type: 3}
  - {fileID: 7400004, guid: 7ea43bf0d31aced4287edba874e24a2b, type: 3}
  - {fileID: 7400006, guid: 7ea43bf0d31aced4287edba874e24a2b, type: 3}
  - {fileID: 7400008, guid: 7ea43bf0d31aced4287edba874e24a2b, type: 3}
  - {fileID: 7400010, guid: 7ea43bf0d31aced4287edba874e24a2b, type: 3}
  - {fileID: 7400012, guid: 7ea43bf0d31aced4287edba874e24a2b, type: 3}
  m_WrapMode: 0
  m_PlayAutomatically: 1
  m_AnimatePhysics: 0
  m_CullingType: 1
--- !u!114 &11400000
MonoBehaviour:
  m_ObjectHideFlags: 1
  m_PrefabParentObject: {fileID: 0}
  m_PrefabInternal: {fileID: 100100000}
  m_GameObject: {fileID: 100000}
  m_Enabled: 1
  m_EditorHideFlags: 0
  m_Script: {fileID: 11500000, guid: b093c62a74d3a9d4ea1b55f1160711bc, type: 3}
  m_Name: 
  m_EditorClassIdentifier: 
  InteractionRadius: 3
  m_fFaceToFaceTalkDistance: 0
  IsAutomatic: 1
  Interacting: 0
  Interacted: 0
  m_fCassDistance: 0
--- !u!137 &13700000
SkinnedMeshRenderer:
  m_ObjectHideFlags: 1
  m_PrefabParentObject: {fileID: 0}
  m_PrefabInternal: {fileID: 100100000}
  m_GameObject: {fileID: 100006}
  m_Enabled: 1
  m_CastShadows: 1
  m_ReceiveShadows: 1
  m_Materials:
  - {fileID: 2100000, guid: b5a566151352e624aa4a3bceb6ee5095, type: 2}
  - {fileID: 2100000, guid: 271dca5a54c0fa04d87a0a497840746c, type: 2}
  - {fileID: 2100000, guid: 38f43cd2abc8c304da19609310ccb7b9, type: 2}
  - {fileID: 2100000, guid: 94a18a11e8427a049aa0579b445ef686, type: 2}
  - {fileID: 2100000, guid: 4066b21841702cf42b02feeeddeb0554, type: 2}
  m_SubsetIndices: 
  m_StaticBatchRoot: {fileID: 0}
  m_UseLightProbes: 0
  m_ReflectionProbeUsage: 1
  m_ProbeAnchor: {fileID: 0}
  m_ScaleInLightmap: 1
  m_PreserveUVs: 0
  m_ImportantGI: 0
  m_AutoUVMaxDistance: .5
  m_AutoUVMaxAngle: 89
  m_LightmapParameters: {fileID: 0}
  m_SortingLayerID: 0
  m_SortingOrder: 0
  serializedVersion: 2
  m_Quality: 0
  m_UpdateWhenOffscreen: 0
  m_Mesh: {fileID: 4300000, guid: 7ea43bf0d31aced4287edba874e24a2b, type: 3}
  m_Bones:
  - {fileID: 400118}
  - {fileID: 400116}
  - {fileID: 400064}
  - {fileID: 400042}
  - {fileID: 400062}
  - {fileID: 400098}
  - {fileID: 400110}
  - {fileID: 400054}
  - {fileID: 400108}
  - {fileID: 400052}
  - {fileID: 400008}
  - {fileID: 400050}
  - {fileID: 400048}
  - {fileID: 400046}
  - {fileID: 400010}
  - {fileID: 400058}
  - {fileID: 400004}
  - {fileID: 400060}
  - {fileID: 400066}
  - {fileID: 400114}
  - {fileID: 400106}
  - {fileID: 400104}
  - {fileID: 400102}
  - {fileID: 400074}
  - {fileID: 400076}
  - {fileID: 400080}
  - {fileID: 400082}
  - {fileID: 400088}
  - {fileID: 400086}
  - {fileID: 400120}
  - {fileID: 400068}
  - {fileID: 400070}
  - {fileID: 400092}
  - {fileID: 400094}
  - {fileID: 400018}
  - {fileID: 400020}
  - {fileID: 400024}
  - {fileID: 400026}
  - {fileID: 400032}
  - {fileID: 400030}
  - {fileID: 400012}
  - {fileID: 400014}
  - {fileID: 400036}
  - {fileID: 400038}
  - {fileID: 400152}
  - {fileID: 400156}
  - {fileID: 400134}
  - {fileID: 400160}
  - {fileID: 400138}
  - {fileID: 400142}
  - {fileID: 400146}
  - {fileID: 400122}
  - {fileID: 400126}
  m_BlendShapeWeights: []
  m_RootBone: {fileID: 400062}
  m_AABB:
    m_Center: {x: -.102699548, y: .136351079, z: -.111126021}
    m_Extent: {x: 1.08237851, y: .431065708, z: .432430685}
  m_DirtyAABB: 0
--- !u!1001 &100100000
Prefab:
  m_ObjectHideFlags: 1
  serializedVersion: 2
  m_Modification:
    m_TransformParent: {fileID: 0}
    m_Modifications: []
    m_RemovedComponents: []
  m_ParentPrefab: {fileID: 0}
  m_RootGameObject: {fileID: 100000}
  m_IsPrefabParent: 1
